@misc{adtwiki,
      url = "https://en.wikipedia.org/wiki/Abstract_data_type"
},
@misc{gooddstests,
      url = "https://courses.cs.washington.edu/courses/cse373/05wi/slides/testingds-1.ppt"
},
@misc{fuzztesting,
      url = "https://en.wikipedia.org/wiki/Fuzz_testing"
},
@misc{codecoverage,
      url = "https://en.wikipedia.org/wiki/Code_coverage"
}
